@article{REMAINED,
	author    = {Ali Mesforosh},
	title     = {Latex Playlist-Youtube},
	url       = {https://www.youtube.com/watch?v=XVJTWsmUW_o&list=PLkwcg2bJtvvbwElYq9afuaotLz1j5t736&index=7},
}