@article{Transformer_based_network_intrusion_detection,
	author    = {Zhenyue Long et al.},
	title     = {A Transformer-based network intrusion detection approach for cloud security},
	journal   = {Journal of Cloud Computing:Advances, Systems and Applications},
	year      = {2024},
	volume    = {11},
	publisher = {Springer},
}